<record><leader>00000cas a22000007a 4500</leader><controlfield tag="001">10987589</controlfield><controlfield tag="008">840726d18831966ohuwr ne      0    0eng d</controlfield><datafield ind1=" " ind2=" " tag="010"><subfield code="a">sn 84028396 </subfield></datafield><datafield ind1=" " ind2=" " tag="040"><subfield code="a">NPY</subfield><subfield code="b">eng</subfield><subfield code="c">NPY</subfield><subfield code="d">NPX</subfield><subfield code="d">ONP</subfield><subfield code="d">OCLCQ</subfield></datafield><datafield ind1=" " ind2=" " tag="042"><subfield code="a">msc</subfield></datafield><datafield ind1="0" ind2=" " tag="130"><subfield code="a">Western Reserve Democrat (Warren, Ohio : 1883)</subfield></datafield><datafield ind1="1" ind2="0" tag="245"><subfield code="a">Western Reserve Democrat.</subfield></datafield><datafield ind1=" " ind2=" " tag="260"><subfield code="a">Warren, Ohio :</subfield><subfield code="b">Western Reserve Democrat Pub. Co.,</subfield><subfield code="c">1883-</subfield></datafield><datafield ind1=" " ind2=" " tag="300"><subfield code="a">v.</subfield></datafield><datafield ind1=" " ind2=" " tag="310"><subfield code="a">Weekly</subfield></datafield><datafield ind1="0" ind2=" " tag="362"><subfield code="a">Vol. 1, no. 1 (Mar. 30, 1883)-</subfield></datafield><datafield ind1="1" ind2=" " tag="362"><subfield code="a">Ceased in 1966?</subfield></datafield><datafield ind1=" " ind2=" " tag="500"><subfield code="a">"Democratic."</subfield></datafield><datafield ind1=" " ind2="4" tag="651"><subfield code="a">Warren (Ohio)</subfield><subfield code="v">Newspapers.</subfield></datafield><datafield ind1=" " ind2="4" tag="651"><subfield code="a">Trumbull County (Ohio)</subfield><subfield code="v">Newspapers.</subfield></datafield><datafield ind1=" " ind2=" " tag="752"><subfield code="a">United States</subfield><subfield code="b">Ohio</subfield><subfield code="c">Trumbull</subfield><subfield code="d">Warren.</subfield></datafield><datafield ind1="0" ind2="0" tag="780"><subfield code="t">Warren record (Warren, Ohio)</subfield><subfield code="w">(DLC)sn 84028395</subfield></datafield><datafield ind1="0" ind2="5" tag="780"><subfield code="t">Warren Sunday news</subfield><subfield code="w">(DLC)sn 88078609</subfield></datafield><datafield ind1="0" ind2="0" tag="785"><subfield code="t">Western Reserve sentinel</subfield><subfield code="w">(DLC)sn 88078608</subfield></datafield><datafield ind1="1" ind2=" " tag="029"><subfield code="a">AU@</subfield><subfield code="b">000020375362</subfield></datafield></record>